<?xml version="1.0" encoding="UTF-8"?><record xmlns="http://www.loc.gov/MARC21/slim" xmlns:cinclude="http://apache.org/cocoon/include/1.0" xmlns:zs="http://www.loc.gov/zing/srw/">
  <leader>01056nz  a2200205n  4500</leader>
  <controlfield tag="001">nb2014011170</controlfield>
  <controlfield tag="003">DLC</controlfield>
  <controlfield tag="005">20140516050907.0</controlfield>
  <controlfield tag="008">140515n| azannaabn          |n ana      </controlfield>
  <datafield tag="010" ind1=" " ind2=" ">
    <subfield code="a">nb2014011170</subfield>
  </datafield>
  <datafield tag="035" ind1=" " ind2=" ">
    <subfield code="a">(Uk)009031980</subfield>
  </datafield>
  <datafield tag="040" ind1=" " ind2=" ">
    <subfield code="a">Uk</subfield>
    <subfield code="b">eng</subfield>
    <subfield code="e">rda</subfield>
    <subfield code="c">Uk</subfield>
  </datafield>
  <datafield tag="046" ind1=" " ind2=" ">
    <subfield code="s">20080828</subfield>
    <subfield code="t">20080831</subfield>
  </datafield>
  <datafield tag="110" ind1="2" ind2=" ">
    <subfield code="a">Fédération des cercles d'archéologie et d'histoire de Belgique.</subfield>
    <subfield code="b">Congrès</subfield>
    <subfield code="n">(55th :</subfield>
    <subfield code="d">2008 :</subfield>
    <subfield code="c">Namur, Belgium)</subfield>
  </datafield>
  <datafield tag="368" ind1=" " ind2=" ">
    <subfield code="a">Congresses and conventions</subfield>
    <subfield code="2">lcsh</subfield>
  </datafield>
  <datafield tag="370" ind1=" " ind2=" ">
    <subfield code="c">Belgium</subfield>
    <subfield code="e">Namur (Belgium)</subfield>
    <subfield code="2">naf</subfield>
  </datafield>
  <datafield tag="372" ind1=" " ind2=" ">
    <subfield code="a">Archaeology, Medieval--Belgium</subfield>
    <subfield code="a">Belgium--Civilization</subfield>
    <subfield code="a">Belgium--History</subfield>
    <subfield code="2">lcsh</subfield>
  </datafield>
  <datafield tag="373" ind1=" " ind2=" ">
    <subfield code="a">Fédération des cercles d'archéologie et d'histoire de Belgique</subfield>
    <subfield code="a">Société archéologique de Namur</subfield>
    <subfield code="2">naf</subfield>
  </datafield>
  <datafield tag="377" ind1=" " ind2=" ">
    <subfield code="a">fre</subfield>
  </datafield>
  <datafield tag="670" ind1=" " ind2=" ">
    <subfield code="a">Congrès de Namur 28-31 août 2008, 2011:</subfield>
    <subfield code="b">t.p. (LVe Congrès de la Fédération des Cercles d'Archéologie et d'Histoire de Belgique, 28-31 August 2008; organised by the Societé Archéologique de Namur in collaboration with the Faciltés Universitairs Notre-Dame de la Paix à Namur)</subfield>
  </datafield>
</record>